@Book{dickens1852,
   Author="C.~Dickens",
   Title="Bleak House",
   Year="1852",
   Publisher="Bradbury \& Evans",
   Country = "England"
}

@Book{frost1923,
   Author="R.~Frost",
   Title="New Hampshire: A poem with notes and grace notes",
   Year="1924",
   Publisher="Henry Holt and Company",
   Country = "United States"
}

@Book{knuth1984,
   Author="D.~Knuth",
   Title="The TeXbook",
   Year="1984",
   Publisher="Addison-Wesley",
   ISBN = "0-201-13448-9"
}

@Book{knuth1999,
   Author="D.~Knuth",
   Title="Digital Typography",
   Year="1999",
   Publisher="Cambridge University Press",
   ISBN = "1575860104"
}

@Book{tinker63,
   Title="Legibility of Print",
   Author="M.~A.~Tinker",
   Year="1963",
   Publisher="Iowa State University Press",
   ISBN = "978-0813824505"
}

@Book{bringhurst92,
   Title="The Elements of Typographic Style",
   Author="R.~Bringhurst",
   Year="1992",
   Publisher="Hartley \& Marks Publishers",
   ISBN = "0-88179-110-5"
}


@article {SPE:SPE4380111102,
author = {Knuth, Donald E. and Plass, Michael F.},
title = {Breaking paragraphs into lines},
journal = {Software: Practice and Experience},
volume = {11},
number = {11},
publisher = {John Wiley & Sons, Ltd.},
issn = {1097-024X},
url = {http://dx.doi.org/10.1002/spe.4380111102},
doi = {10.1002/spe.4380111102},
pages = {1119--1184},
keywords = {Typesetting, Composition, Line breaking, Justification, Dynamic programming, Word processing, Layout, Spacing, Box/glue/penalty algebra, Shortest paths, TEX (Tau Epsilon Chi), History of printing},
year = {1981},
}

@phdthesis{liang,
    author = {F.~M.~Liang},
    title = "Word Hy-phen-a-tion by Com-pu-ter",
    school = "Department of Computer Science, Stanford University",
    month = "Aug",
    year = 1983
}
  
@book{knuth2011art,
  title={The Art of Computer Programming, Volumes 1-4a Boxed Set},
  author={Knuth, D.E.},
  isbn={9780321751041},
  year={2011},
  publisher={Addison-Wesley}
}
