@article{Morris:1979:PSC:359168.359172,
 author = {Morris, Robert and Thompson, Ken},
 title = {Password security: a case history},
 journal = {Commun. ACM},
 issue_date = {Nov. 1979},
 volume = {22},
 number = {11},
 month = nov,
 year = {1979},
 issn = {0001-0782},
 pages = {594--597},
 numpages = {4},
 url = {http://doi.acm.org/10.1145/359168.359172},
 doi = {10.1145/359168.359172},
 acmid = {359172},
 publisher = {ACM},
 address = {New York, NY, USA},
 keywords = {computer security, operating systems, passwords},
} 

@inproceedings{Miller:2011:CCH:1978942.1979351,
 author = {Miller, Craig S. and Denkov, Svetlin and Omanson, Richard C.},
 title = {Categorization costs for hierarchical keyboard commands},
 booktitle = {Proceedings of the SIGCHI Conference on Human Factors in Computing Systems},
 series = {CHI '11},
 year = {2011},
 isbn = {978-1-4503-0228-9},
 location = {Vancouver, BC, Canada},
 pages = {2765--2768},
 numpages = {4},
 url = {http://doi.acm.org/10.1145/1978942.1979351},
 doi = {10.1145/1978942.1979351},
 acmid = {1979351},
 publisher = {ACM},
 address = {New York, NY, USA},
 keywords = {command entry, effects, keyboard shortcuts, performance models, practice, toolbar},
} 

@article{Lane_Napier_Peres_Sandor_2005, 
  title={Hidden Costs of Graphical User Interfaces: Failure to Make the Transition from Menus and Icon Toolbars to Keyboard Shortcuts},
  volume={18},
  url={http://dx.doi.org/10.1207/s15327590ijhc1802_1},
  DOI={10.1207/s15327590ijhc1802_1},
  number={2},
  journal={International Journal of Human-Computer Interaction},
  publisher={Informa UK (Taylor & Francis)},
  author={Lane, David M. and Napier, H. Albert and Peres, S. Camille and Sandor, Aniko},
  year={2005},
  month={May},
  pages={133-144}
}

@article{on_Miller_Young_Schwantes_2010, 
  title={Comparison of Mouse and Keyboard Efficiency}, 
  volume={54}, 
  url={http://dx.doi.org/10.1177/154193121005400612}, 
  DOI={10.1177/154193121005400612}, 
  number={6}, 
  journal={Proceedings of the Human Factors and Ergonomics Society Annual Meeting}, 
  publisher={Sage Publications}, 
  author={Omanson, R. C. and Miller, C. S. and Young, E. and Schwantes, D.}, 
  year={2010}, 
  month={Sep}, 
  pages={600-604}
}
